%-*- coding: utf-8 -*-
@inproceedings{othello,
  title={Logistello: A strong learning othello program},
  author={Buro, Michael},
  booktitle={Proceedings of the 19th Annual Conference Gesellschaft f{\"u}r Klassifikation e.V.},
  pages={1--3},
  year={1995},
  OPTorganization={Citeseer}
}

@article{deep,
  title={Deep blue},
  author={Campbell, Murray and Hoane Jr, A Joseph and Hsu, Feng-hsiung},
  journal={Artificial intelligence},
  volume={134},
  number={1},
  pages={57--83},
  year={2002},
  publisher={Elsevier}
}

@article{syogi,
  title={4 大規模クラスタシステムでの実行: {GPS}将棋の試み (＜ミニ特集＞　コンピュータ将棋の不遜な挑戦)},
  author={田中哲朗 and 金子知適},
  journal={情報処理},
  volume={51},
  number={8},
  pages={1008--1015},
  year={2010},
  publisher={一般社団法人情報処理学会}
}

@inproceedings{poker1,
  title={Using counterfactual regret minimization to create competitive multiplayer poker agents},
  author={Risk, Nick Abou and Szafron, Duane},
  booktitle={Proceedings of the 9th International Conference on Autonomous Agents and Multiagent Systems},
  pages={159--166},
  year={2010},
  OPTorganization={International Foundation for Autonomous Agents and Multiagent Systems}
}

@mastersthesis{poker2,
  title={相手の抽象化による多人数ポーカーの戦略の決定},
  author={古居敬大},
  school={東京大学大学院工学系研究科},
  year={2013}
}

@article{majang1,
  title={麻雀の牌譜からの打ち手評価関数の学習},
  author={北川竜平 and 三輪誠 and 近山隆},
  journal={ゲームプログラミングワークショップ2007論文集},
  pages={76--83},
  year={2007}
}

@mastersthesis{majang2,
  title={多人数不完全情報ゲームにおける最適行動決定に関する研究},
  author={三木理斗},
  school={東京大学大学院工学系研究科},
  year={2010}
}

@article{majang3,
  title={{CRF}を用いた麻雀の不完全情報推定},
  author={根本佳典 and 古宮嘉那子 and 小谷善行},
  journal={ゲームプログラミングワークショップ2012論文集},
  year={2012},
  volume={6},
  pages={155--158}
}

@article{majang4,
  title={多人数性を分割した教師付き学習による4人麻雀プログラムの実現},
  author={水上直紀 and 中張遼太郎 and 浦晃 and 三輪誠 and 鶴岡慶雅 and 近山隆},
  journal={情報処理学会論文誌},
  volume={55},
  number={11},
  pages={2410--2420},
  year={2014},
  publisher={一般社団法人情報処理学会}
}

@article{komatu,
  title={役を構成するゲームに対する効率的な行動決定アルゴリズムの提案},
  author={小松智希 and 成澤和志 and 篠原歩},
  journal={情報処理学会研究報告. GI,[ゲーム情報学]},
  volume={2012-GI-28},
  number={8},
  pages={1--8},
  year={2012},
  publisher={一般社団法人情報処理学会}
}

@article{zentu,
  title={有効牌を数えて牌効率をあげる面前全ツッパ麻雀 {AI} の性能評価},
  author={佐藤諒 and 西村夏夫 and 保木邦仁},
  journal={情報処理学会研究報告. GI,[ゲーム情報学]},
  volume={2014-GI-31},
  number={11},
  pages={1--6},
  year={2014},
  publisher={一般社団法人情報処理学会}
}

@article{che,
  title={麻雀における手牌と残り牌からの上がり探索による着手決定アルゴリズム {CHE}},
  author={原田将旗 and 古宮嘉那子 and 小谷善行},
  journal={情報処理学会研究報告. GI,[ゲーム情報学]},
  volume={2014-GI-31},
  number={13},
  pages={1--4},
  year={2014},
  publisher={一般社団法人情報処理学会}
}

@book{kagaku,
  title={おしえて！科学する麻雀},
  author={とつげき東北［著］　福地誠［編］},
  year={2009},
  publisher={洋泉社}
}

@misc{point,
  title={麻雀の得点計算},
  howpublished={Wikipedia},
  note={\url{http://ja.wikipedia.org/wiki/麻雀の得点計算}}
}

@misc{syanten,
  title={あらの（一人）麻雀研究所},
  note={\url{http://mahjong.ara3.net/etc/shanten/shanten8}}
}

@book{montecarlo,
author="玉木 久夫",
title="乱択アルゴリズム",
publisher="共立出版",
year="2008",
OPTmonth="8"
}